@article{DBLP:journals/corr/NallapatiXZ16,
  author    = {Ramesh Nallapati and
               Bing Xiang and
               Bowen Zhou},
  title     = {Sequence-to-Sequence RNNs for Text Summarization},
  journal   = {CoRR},
  volume    = {abs/1602.06023},
  year      = {2016},
  url       = {http://arxiv.org/abs/1602.06023},
  archivePrefix = {arXiv},
  eprint    = {1602.06023},
  timestamp = {Wed, 07 Jun 2017 14:40:56 +0200},
  biburl    = {https://dblp.org/rec/bib/journals/corr/NallapatiXZ16},
  bibsource = {dblp computer science bibliography, https://dblp.org}
}
